<record><leader>00000cas a2200000 a 4500</leader><controlfield tag="001">29238059</controlfield><controlfield tag="008">931102c19uu9999wauwr ne      0   b0spa c</controlfield><datafield ind1=" " ind2=" " tag="010"><subfield code="a">sn 96061867 </subfield></datafield><datafield ind1=" " ind2=" " tag="040"><subfield code="a">UOK</subfield><subfield code="b">eng</subfield><subfield code="c">UOK</subfield><subfield code="d">CNK</subfield><subfield code="d">NSD</subfield><subfield code="d">OCLCQ</subfield><subfield code="d">WAU</subfield><subfield code="d">OCLCQ</subfield><subfield code="d">OCLCF</subfield><subfield code="d">OCLCA</subfield><subfield code="d">DLC</subfield></datafield><datafield ind1=" " ind2=" " tag="012"><subfield code="l">1</subfield></datafield><datafield ind1=" " ind2=" " tag="019"><subfield code="a">42460943</subfield></datafield><datafield ind1="1" ind2=" " tag="022"><subfield code="a">1526-9698</subfield><subfield code="l">1526-9698</subfield><subfield code="2">1</subfield></datafield><datafield ind1=" " ind2=" " tag="037"><subfield code="b">El Mundo, POB 2231, Wenatchee, WA 98807</subfield></datafield><datafield ind1=" " ind2=" " tag="042"><subfield code="a">pcc</subfield><subfield code="a">nsdp</subfield></datafield><datafield ind1=" " ind2=" " tag="043"><subfield code="a">n-us-wa</subfield></datafield><datafield ind1="0" ind2=" " tag="130"><subfield code="a">Mundo (Wenatchee, Wash.)</subfield></datafield><datafield ind1=" " ind2="3" tag="222"><subfield code="a">El Mundo</subfield><subfield code="b">(Wenatchee, Wash.)</subfield></datafield><datafield ind1="1" ind2="3" tag="245"><subfield code="a">El Mundo :</subfield><subfield code="b">el perio&#769;dico de la vida hispana en el norte central de Washington.</subfield></datafield><datafield ind1=" " ind2=" " tag="260"><subfield code="a">Wenatchee, Wash. :</subfield><subfield code="b">Wenatchee World</subfield></datafield><datafield ind1="3" ind2=" " tag="260"><subfield code="3">&lt;2006-&gt;</subfield><subfield code="a">[Kirkland,  WA ]:</subfield><subfield code="b">[El Mundo Communications, Inc.]</subfield></datafield><datafield ind1=" " ind2=" " tag="300"><subfield code="a">v. :</subfield><subfield code="b">ill. ;</subfield><subfield code="c">34 cm.</subfield></datafield><datafield ind1=" " ind2=" " tag="310"><subfield code="a">Weekly</subfield></datafield><datafield ind1=" " ind2=" " tag="546"><subfield code="a">In Spanish.</subfield></datafield><datafield ind1=" " ind2=" " tag="588"><subfield code="a">Description based on: An&#771;o 3, no. 12 (9 de agosto de 1991).</subfield></datafield><datafield ind1=" " ind2=" " tag="588"><subfield code="a">Latest issue consulted: An&#771;o 28, no. 07 (21 de Abril de 2016) (Surrogate).</subfield></datafield><datafield ind1=" " ind2="0" tag="650"><subfield code="a">Mexican Americans</subfield><subfield code="z">Washington (State)</subfield><subfield code="v">Newspapers.</subfield></datafield><datafield ind1=" " ind2="0" tag="651"><subfield code="a">Wenatchee (Wash.)</subfield><subfield code="v">Newspapers.</subfield></datafield><datafield ind1=" " ind2="7" tag="650"><subfield code="a">Mexican Americans.</subfield><subfield code="2">fast</subfield><subfield code="0">(OCoLC)fst01019072</subfield></datafield><datafield ind1=" " ind2="7" tag="651"><subfield code="a">Washington (State)</subfield><subfield code="2">fast</subfield><subfield code="0">(OCoLC)fst01204703</subfield></datafield><datafield ind1=" " ind2="7" tag="651"><subfield code="a">Washington (State)</subfield><subfield code="z">Wenatchee.</subfield><subfield code="2">fast</subfield><subfield code="0">(OCoLC)fst01221592</subfield></datafield><datafield ind1=" " ind2="7" tag="655"><subfield code="a">Newspapers.</subfield><subfield code="2">fast</subfield><subfield code="0">(OCoLC)fst01423814</subfield></datafield><datafield ind1="0" ind2=" " tag="730"><subfield code="a">Wenatchee world.</subfield></datafield><datafield ind1=" " ind2=" " tag="752"><subfield code="a">United States</subfield><subfield code="b">Washington</subfield><subfield code="c">Chelan</subfield><subfield code="d">Wenatchee.</subfield></datafield><datafield ind1="1" ind2=" " tag="029"><subfield code="a">AU@</subfield><subfield code="b">000025930078</subfield></datafield></record>